@inproceedings{zhang2016large,
  title={Large-Scale Graph-Based Semi-Supervised Learning via Tree Laplacian Solver.},
  author={Zhang, Yan-Ming and Zhang, Xu-Yao and Yuan, Xiao-Tong and Liu, Cheng-Lin},
  booktitle={AAAI},
  pages={2344--2350},
  year={2016}
}

@article{avron2017faster,
  title={Faster kernel ridge regression using sketching and preconditioning},
  author={Avron, Haim and Clarkson, Kenneth L and Woodruff, David P},
  journal={SIAM Journal on Matrix Analysis and Applications},
  volume={38},
  number={4},
  pages={1116--1138},
  year={2017},
  publisher={SIAM}
}

@inproceedings{rudi2017generalization,
  title={Generalization properties of learning with random features},
  author={Rudi, Alessandro and Rosasco, Lorenzo},
  booktitle={Advances in Neural Information Processing Systems},
  pages={3215--3225},
  year={2017}
}

@inproceedings{rudi2017falkon,
  title={Falkon: An optimal large scale kernel method},
  author={Rudi, Alessandro and Carratino, Luigi and Rosasco, Lorenzo},
  booktitle={Advances in Neural Information Processing Systems},
  pages={3888--3898},
  year={2017}
}

@inproceedings{rudi2015less,
  title={Less is more: Nystr{\"o}m computational regularization},
  author={Rudi, Alessandro and Camoriano, Raffaello and Rosasco, Lorenzo},
  booktitle={Advances in Neural Information Processing Systems},
  pages={1657--1665},
  year={2015}
}

@article{belkin2006manifold,
  title={Manifold regularization: A geometric framework for learning from labeled and unlabeled examples},
  author={Belkin, Mikhail and Niyogi, Partha and Sindhwani, Vikas},
  journal={Journal of machine learning research},
  volume={7},
  number={Nov},
  pages={2399--2434},
  year={2006}
}

@article{rastogi2017manifold,
  title={Manifold regularization based on Nystr $\{$$\backslash$" o$\}$ m type subsampling},
  author={Rastogi, Abhishake and Sampath, Sivananthan},
  journal={arXiv preprint arXiv:1710.04872},
  year={2017}
}

@inproceedings{zhang2016large,
  title={Large-Scale Graph-Based Semi-Supervised Learning via Tree Laplacian Solver.},
  author={Zhang, Yan-Ming and Zhang, Xu-Yao and Yuan, Xiao-Tong and Liu, Cheng-Lin},
  booktitle={AAAI},
  pages={2344--2350},
  year={2016}
}

@article{chapelle2009semi,
  title={Semi-supervised learning (chapelle, o. et al., eds.; 2006)[book reviews]},
  author={Chapelle, Olivier and Scholkopf, Bernhard and Zien, Alexander},
  journal={IEEE Transactions on Neural Networks},
  volume={20},
  number={3},
  pages={542--542},
  year={2009},
  publisher={IEEE}
}

@article{subramanya2014graph,
  title={Graph-based semi-supervised learning},
  author={Subramanya, Amarnag and Talukdar, Partha Pratim},
  journal={Synthesis Lectures on Artificial Intelligence and Machine Learning},
  volume={8},
  number={4},
  pages={1--125},
  year={2014},
  publisher={Morgan \& Claypool Publishers}
}

@book{boothby1986introduction,
  title={An introduction to differentiable manifolds and Riemannian geometry},
  author={Boothby, William M},
  volume={120},
  year={1986},
  publisher={Academic press}
}

@book{chung1997spectral,
  title={Spectral graph theory},
  author={Chung, Fan RK and Graham, Fan Chung},
  number={92},
  year={1997},
  publisher={American Mathematical Soc.}
}

@article{minh2016unifying,
  title={A unifying framework in vector-valued reproducing kernel Hilbert spaces for manifold regularization and co-regularized multi-view learning},
  author={Minh, Ha Quang and Bazzani, Loris and Murino, Vittorio},
  journal={The Journal of Machine Learning Research},
  volume={17},
  number={1},
  pages={769--840},
  year={2016},
  publisher={JMLR. org}
}

@inproceedings{williams2001using,
  title={Using the Nystr{\"o}m method to speed up kernel machines},
  author={Williams, Christopher KI and Seeger, Matthias},
  booktitle={Advances in neural information processing systems},
  pages={682--688},
  year={2001}
}

@article{smola2000sparse,
  title={Sparse greedy matrix approximation for machine learning},
  author={Smola, Alex J and Sch{\"o}lkopf, Bernhard},
  year={2000},
  publisher={Citeseer}
}

@inproceedings{rahimi2008random,
  title={Random features for large-scale kernel machines},
  author={Rahimi, Ali and Recht, Benjamin},
  booktitle={Advances in neural information processing systems},
  pages={1177--1184},
  year={2008}
}

@book{saad2003iterative,
  title={Iterative methods for sparse linear systems},
  author={Saad, Yousef},
  volume={82},
  year={2003},
  publisher={siam}
}

@inproceedings{camoriano2016nytro,
  title={Nytro: When subsampling meets early stopping},
  author={Camoriano, Raffaello and Angles, Tom{\'a}s and Rudi, Alessandro and Rosasco, Lorenzo},
  booktitle={Artificial Intelligence and Statistics},
  pages={1403--1411},
  year={2016}
}